<collection xmlns="http://www.loc.gov/MARC21/slim">
<record>
  <leader>01495nam0a22003011i 450 </leader>
  <controlfield tag="001">IT\ICCU\CNCE\036032</controlfield>
  <controlfield tag="005">20130205000000.0</controlfield>
  <datafield tag="012" ind1=" " ind2=" ">
    <subfield code="a">a-e- e.iq a-di **** (3) 1504 (R)</subfield>
    <subfield code="2">fei</subfield>
  </datafield>
  <datafield tag="100" ind1=" " ind2=" ">
    <subfield code="a">19980116d1504        0itac0103    ba</subfield>
  </datafield>
  <datafield tag="101" ind1=" " ind2=" ">
    <subfield code="a">LAT</subfield>
    <subfield code="a">GRC</subfield>
  </datafield>
  <datafield tag="102" ind1=" " ind2=" ">
    <subfield code="a">IT</subfield>
  </datafield>
  <datafield tag="200" ind1="1" ind2=" ">
    <subfield code="a">℗C. Plinii Secundi iunioris ℗Epistolae per Philippum Beroaldum correctae</subfield>
  </datafield>
  <datafield tag="210" ind1=" " ind2=" ">
    <subfield code="e">Bononiae</subfield>
    <subfield code="g">per Benedictum Hectoris Bononiensiem</subfield>
    <subfield code="h">1504</subfield>
  </datafield>
  <datafield tag="215" ind1=" " ind2=" ">
    <subfield code="a">144 c.</subfield>
    <subfield code="d">16ʻ</subfield>
  </datafield>
  <datafield tag="620" ind1=" " ind2=" ">
    <subfield code="a">IT</subfield>
    <subfield code="d">Bologna</subfield>
  </datafield>
  <datafield tag="700" ind1=" " ind2="1">
    <subfield code="a">Plinius Caecilius Secundus,</subfield>
    <subfield code="b">Gaius</subfield>
    <subfield code="3">IT\ICCU\CNCA\010213</subfield>
  </datafield>
  <datafield tag="702" ind1=" " ind2="1">
    <subfield code="a">Beroaldo,</subfield>
    <subfield code="b">Filippo</subfield>
    <subfield code="c"> &lt;il vecchio&gt;</subfield>
    <subfield code="3">IT\ICCU\CNCA\000228</subfield>
  </datafield>
  <datafield tag="712" ind1="0" ind2="0">
    <subfield code="a">Faelli, Benedetto</subfield>
    <subfield code="c"> &lt;1.&gt;</subfield>
    <subfield code="3">IT\ICCU\CNCT\000129</subfield>
    <subfield code="4">650</subfield>
  </datafield>
  <datafield tag="790" ind1=" " ind2="0">
    <subfield code="a">Plinio</subfield>
    <subfield code="c"> &lt;il giovane&gt;</subfield>
    <subfield code="3">IT\ICCU\CNCA\010214</subfield>
    <subfield code="z">Plinius Caecilius Secundus, Gaius</subfield>
  </datafield>
  <datafield tag="790" ind1=" " ind2="1">
    <subfield code="a">Plinius Caecilius Secundus,</subfield>
    <subfield code="b">Caius</subfield>
    <subfield code="3">IT\ICCU\CNCA\022659</subfield>
    <subfield code="z">Plinius Caecilius Secundus, Gaius</subfield>
  </datafield>
  <datafield tag="790" ind1=" " ind2="1">
    <subfield code="a">Beroaldus,</subfield>
    <subfield code="b">Philippus</subfield>
    <subfield code="3">IT\ICCU\CNCA\026331</subfield>
    <subfield code="z">Beroaldo, Filippo &lt;il vecchio&gt;</subfield>
  </datafield>
  <datafield tag="791" ind1="0" ind2="2">
    <subfield code="a">Benedictus Hectoris</subfield>
    <subfield code="c"> &lt;1.&gt;</subfield>
    <subfield code="3">IT\ICCU\CNCT\002712</subfield>
    <subfield code="z">Faelli, Benedetto &lt;1.&gt;</subfield>
  </datafield>
  <datafield tag="791" ind1="0" ind2="0">
    <subfield code="a">Hectoris, Benedictus</subfield>
    <subfield code="3">IT\ICCU\CNCT\002721</subfield>
    <subfield code="z">Faelli, Benedetto &lt;1.&gt;</subfield>
  </datafield>
  <datafield tag="791" ind1="0" ind2="2">
    <subfield code="a">Benedictus Bononiensis</subfield>
    <subfield code="3">IT\ICCU\CNCT\003789</subfield>
    <subfield code="z">Faelli, Benedetto &lt;1.&gt;</subfield>
  </datafield>
  <datafield tag="791" ind1="0" ind2="2">
    <subfield code="a">Benedetto di Hettore</subfield>
    <subfield code="3">IT\ICCU\CNCT\005101</subfield>
    <subfield code="z">Faelli, Benedetto &lt;1.&gt;</subfield>
  </datafield>
  <datafield tag="791" ind1="0" ind2="0">
    <subfield code="a">Hectoreus, Benedictus</subfield>
    <subfield code="3">IT\ICCU\CNCT\005102</subfield>
    <subfield code="z">Faelli, Benedetto &lt;1.&gt;</subfield>
  </datafield>
  <datafield tag="801" ind1=" " ind2="3">
    <subfield code="a">IT</subfield>
    <subfield code="b">ICCU</subfield>
    <subfield code="c">20201114</subfield>
  </datafield>
  <datafield tag="899" ind1=" " ind2=" ">
    <subfield code="a">Biblioteca comunale Leonardo Centonze. Castelvetrano</subfield>
    <subfield code="1">TP0059</subfield>
    <subfield code="2">TPS CV</subfield>
  </datafield>
</record>
</collection>
